<record><leader>00000cas a22000007a 4500</leader><controlfield tag="001">11040593</controlfield><controlfield tag="008">840810d18611863iauwr ne      0    0eng d</controlfield><datafield ind1=" " ind2=" " tag="010"><subfield code="a">sn 84027233 </subfield></datafield><datafield ind1=" " ind2=" " tag="040"><subfield code="a">NPU</subfield><subfield code="b">eng</subfield><subfield code="c">NPU</subfield><subfield code="d">NPX</subfield><subfield code="d">INP</subfield><subfield code="d">OCLCQ</subfield></datafield><datafield ind1=" " ind2=" " tag="042"><subfield code="a">msc</subfield></datafield><datafield ind1="0" ind2="0" tag="245"><subfield code="a">Pocket City news.</subfield></datafield><datafield ind1=" " ind2=" " tag="260"><subfield code="a">McGregor, Iowa :</subfield><subfield code="b">Willis Drummond,</subfield><subfield code="c">1861-</subfield></datafield><datafield ind1=" " ind2=" " tag="300"><subfield code="a">v. ;</subfield><subfield code="c">68 cm.</subfield></datafield><datafield ind1=" " ind2=" " tag="310"><subfield code="a">Weekly</subfield></datafield><datafield ind1="0" ind2=" " tag="362"><subfield code="a">Vol. 1, no. 1 (Dec. 9, 1861)-</subfield></datafield><datafield ind1="1" ind2=" " tag="362"><subfield code="a">Ceased in 1863.</subfield><subfield code="z">Cf. Bibl. of Iowa newspapers.</subfield></datafield><datafield ind1=" " ind2=" " tag="500"><subfield code="a">Publishers: Gilmore &amp; Williams, &lt;Jan. 20, 1863&gt;.</subfield></datafield><datafield ind1=" " ind2=" " tag="500"><subfield code="a">Editors: Willis Drummond, W.W. Williams, &lt;Jan. 20, 1863&gt;.</subfield></datafield><datafield ind1=" " ind2=" " tag="752"><subfield code="a">United States</subfield><subfield code="b">Iowa</subfield><subfield code="c">Clayton</subfield><subfield code="d">McGregor.</subfield></datafield><datafield ind1="0" ind2="0" tag="780"><subfield code="t">Weekly McGregor press</subfield><subfield code="w">(DLC)sn 84027241</subfield></datafield><datafield ind1="0" ind2="0" tag="785"><subfield code="t">McGregor news (McGregor, Iowa : 1863)</subfield></datafield><datafield ind1="1" ind2=" " tag="029"><subfield code="a">AU@</subfield><subfield code="b">000025788216</subfield></datafield></record>